<?xml version="1.0" encoding="UTF-8"?><collection xmlns="http://www.loc.gov/MARC21/slim"><record><leader>00360nam--2200133-i-4500</leader><controlfield tag="001">000039489</controlfield><controlfield tag="002">20161230</controlfield><controlfield tag="005">20161230201042</controlfield><controlfield tag="008">060222s1000------------r-----000-0-eng-d</controlfield><datafield ind1=" " ind2=" " tag="080"><subfield code="a">543.42:535(043)</subfield></datafield><datafield ind1=" " ind2=" " tag="100"><subfield code="a">Roger,Jean-paul</subfield></datafield><datafield ind1=" " ind2=" " tag="245"><subfield code="a">Interpretation des proprietes optiques du centre f dans ca f2. these</subfield></datafield><datafield ind1=" " ind2=" " tag="260"><subfield code="a">Paris, Univ.,1976. 75 P</subfield></datafield><datafield ind1=" " ind2=" " tag="852"><subfield code="a">77904</subfield></datafield></record></collection>